<?xml version="1.0" encoding="UTF-8"?><collection xmlns="http://www.loc.gov/MARC21/slim"><record><leader>00426nam--2200133-i-4500</leader><controlfield tag="001">000010380</controlfield><controlfield tag="002">20161230</controlfield><controlfield tag="005">20161230201028</controlfield><controlfield tag="008">060222s1000------------r-----000-0-eng-d</controlfield><datafield ind1=" " ind2=" " tag="080"><subfield code="a">621.039.5(41.4):061.3</subfield></datafield><datafield ind1=" " ind2=" " tag="100"><subfield code="a">Bainbridge, G.R</subfield></datafield><datafield ind1=" " ind2=" " tag="245"><subfield code="a">Power reactor progress in the united kingdom a.g.r. symposium, frankfurt,april 18th. and 19th. 1966</subfield></datafield><datafield ind1=" " ind2=" " tag="260"><subfield code="a">/Harwell/, British Nuclear Forum, 1966. 11 P.+ 9 Fig</subfield></datafield><datafield ind1=" " ind2=" " tag="852"><subfield code="a">37711</subfield></datafield></record></collection>